<?xml version="1.0" encoding="UTF-8"?><collection xmlns="http://www.loc.gov/MARC21/slim"><record><leader>00544nam--2200181-i-4500</leader><controlfield tag="001">000013345</controlfield><controlfield tag="002">20161230</controlfield><controlfield tag="005">20161230201030</controlfield><controlfield tag="008">060222s1000------------r-----000-0-fre-d</controlfield><datafield ind1=" " ind2=" " tag="040"><subfield code="a">IFIN-HH</subfield></datafield><datafield ind1=" " ind2=" " tag="041"><subfield code="a">fre</subfield></datafield><datafield ind1=" " ind2=" " tag="080"><subfield code="a">539.172.6(043)</subfield></datafield><datafield ind1="1" ind2=" " tag="100"><subfield code="a">Arnault, Christian</subfield></datafield><datafield ind1="1" ind2="0" tag="245"><subfield code="a">Processus rares en interactions purement leptoniques de neutrinos. etude de la reaction (...)</subfield><subfield code="b">These</subfield><subfield code="c">Christian arnault</subfield></datafield><datafield ind1=" " ind2=" " tag="260"><subfield code="a">Paris</subfield><subfield code="b">Universite De Paris-sud</subfield><subfield code="c">1979</subfield></datafield><datafield ind1=" " ind2=" " tag="300"><subfield code="a">75P.+ ANEXE</subfield></datafield><datafield ind1=" " ind2=" " tag="852"><subfield code="a">48473</subfield><subfield code="c">539.17</subfield></datafield><datafield ind1=" " ind2=" " tag="CAT"><subfield code="a">Sys</subfield><subfield code="c">20120619</subfield><subfield code="h">105909</subfield></datafield></record></collection>